@inproceedings{marticorena_sanchez_soporte_2005,
	title = {Soporte de Métricas con Independencia del Lenguaje para la Inferencia de Refactorizaciones},
	url = {https://www.researchgate.net/profile/Yania_Crespo/publication/221595114_Soporte_de_Metricas_con_Independencia_del_Lenguaje_para_la_Inferencia_de_Refactorizaciones/links/09e4150b5f06425e32000000/Soporte-de-Metricas-con-Independencia-del-Lenguaje-para-la-Inferencia-de-Refactorizaciones.pdf},
	author = {Marticorena Sanchez, Raúl and Crespo, Yania and López Nozal, Carlos},
	date = {2005-01},
	note = {[Online; Accedido 03-Octubre-2018]}
}

@book{gamma_patrones_2002,
	location = {Madrid},
	edition = {1 ed. en es},
	title = {Patrones De Diseño: Elementos De Software Orientado a Objetos Reutilizable},
	isbn = {84-7829-059-1},
	publisher = {Addison-Wesley},
	author = {Gamma, E. and Helm, R. and Johnson, R. and Vlissides, J.},
	date = {2002},
	keywords = {Programas y sistemas de programaciâon-, rrollo⬚04 Programaciâon orientada al objeto (In}
}

@thesis{ratzinger_space:_2007,
	title = {{sPACE}: Software Project Assessment in the Course of Evolution},
	url = {http://www.inf.usi.ch/jazayeri/docs/Thesis_Jacek_Ratzinger.pdf},
	institution = {Universidad Técnica de Viena},
	type = {phdthesis},
	author = {Ratzinger, Jacek},
	date = {2007-10},
	keywords = {metrics, refactoring},
	note = {[Online; Accedido 03-Octubre-2018]}
}

@book{scrum_master_scrum_2019,
	edition = {v. 2.61},
	title = {Scrum Manager: Temario Troncal I},
	rights = {Derechos regitrados en Safe Creative nº de registro: 1607208414838},
	url = {https://www.scrummanager.net/files/scrum_manager.pdf},
	author = {Scrum Master},
	date = {2019-01},
	langid = {spanish},
	note = {[Online; Accedido 19-Noviembre-2018]},
	file = {Scrum Manager Temario.pdf:C\:\\Users\\migue\\Zotero\\storage\\DMFGLD23\\Scrum Manager Temario.pdf:application/pdf}
}

@online{lopez_nozal_measuring_2019,
	title = {Measuring of Agile Practices in Final Year Project},
	url = {https://github.com/clopezno/clopezno.github.io/tree/master/agile_practices_experiment},
	shorttitle = {Portal web para la gestión de la asignatura de trabajos fin de Grado de Ingeneiría},
	titleaddon = {clopezno.github.io},
	author = {López Nozal, Carlos},
	urldate = {2018-12-11},
	date = {2019-06-26},
	note = {original-date: 2016-09-27T09:36:06Z},
	keywords = {Métricas},
	note = {[Online; Accedido 11-Diciembre-2018]}
}

@online{blanco_alonso_activiti-api_2016,
	location = {Burgos},
	title = {Activiti-Api - Monitor multiplataforma de la actividad de un proyecto},
	url = {https://github.com/dba0010/Activiti-Api},
	abstract = {La finalidad de este proyecto es la creación de una aplicación que permita un estudio del estado de un proyecto en {GITHUB} mediante distintas métricas. Permitiendo tener una vision del ritmo de trabajo del proyecto, duracion, numer de participantes y actividad.},
	version = {1.0},
	publisher = {Universidad de Burgos},
	author = {Blanco Alonso, David},
	urldate = {2019-09-15},
	date = {2016-08-31},
	note = {original-date: 2015-05-09T16:20:30Z},
	note = {[Online; Accedido 01-Enero-2019]}
}

@online{agencia_tributaria_cuadro_2022,
	title = {Cuadro informativo tipos de retención aplicables (2022)},
	url = https://sede.agenciatributaria.gob.es/static_files/Sede/Programas_ayuda/Retenciones/2022/Cuadro_tipos_retenciones_IRPF2022.pdf},
	note = {\url{https://sede.agenciatributaria.gob.es/static_files/Sede/Programas_ayuda/Retenciones/2022/Cuadro_tipos_retenciones_IRPF2022.pdf}},
	titleaddon = {Agencia Tributaria},
	author = {Agencia Tributaria},
	urldate = {2022-06-09},
	date = {2022}
}

@online{ministerio_de_empleo_y_seguridad_social_bases_2022,
	title = {Bases y tipos de cotización 2022},
	url = {https://www.seg-social.es/wps/portal/wss/internet/Trabajadores/CotizacionRecaudacionTrabajadores/36537},
	note = {\url{https://www.seg-social.es/wps/portal/wss/internet/Trabajadores/CotizacionRecaudacionTrabajadores/36537}},
	titleaddon = {Seguridad Social},
	author = {Ministerio de Empleo y Seguridad Social},
	urldate = {2022-06-09},
	date = {2022}
}

@online{agencia_tributaria_tabla_2022,
	title = {Tabla de coeficientes de amortización lineal},
	url = {https://sede.agenciatributaria.gob.es/Sede/impuesto-sobre-sociedades/que-base-imponible-se-determina-sociedades/amortizaciones.html?faqId=42c3904421205710VgnVCM100000dc381e0aRCRD},
	note = {\url{https://sede.agenciatributaria.gob.es/Sede/impuesto-sobre-sociedades/que-base-imponible-se-determina-sociedades/amortizaciones.html?faqId=42c3904421205710VgnVCM100000dc381e0aRCRD}},
	titleaddon = {Agencia Tributaria},
	author = {Agencia Tributaria},
	urldate = {2022-06-09},
	date = {2022}
}

@online{santiago_lista_2019,
	title = {Lista de licencias con comentarios},
	url = {https://www.gnu.org/licenses/license-list.html},
	titleaddon = {gno.org},
	author = {Free Software Foundation},
	translator = {Santiago, Becerra Carrillo},
	urldate = {2019-09-15},
	date = {2019-09-15},
	file = {Snapshot:C\:\\Users\\migue\\Zotero\\storage\\JJJGSXTZ\\license-list.html:text/html}
}


@online{TFGPrevio,
	title = {Evolution Metrics Gauge - Comparador de métricas de evolución en repositorios software},
	note = {\url{https://gitlab.com/mlb0029/comparador-de-metricas-de-evolucion-en-repositorios-software}},
	titleaddon = {{GitLab}},
	author = {Miguel Ángel León Bardavío},
	date = {2019-09-16}
}

@online{TFMANVIRECO,
	title = {ANVIRECO},
	note = {\url{https://github.com/mjuez/TFM2016_Analisis-Visual-Revisiones-Codigo}},
	titleaddon = {{GitHub}},
	author = {Mario Juez - mariojg@ubu.es},
	date = {2019-09-16}
}