
@inproceedings{marticorena_sanchez_soporte_2005,
	title = {Soporte de Métricas con Independencia del Lenguaje para la Inferencia de Refactorizaciones},
	url = {https://www.researchgate.net/profile/Yania_Crespo/publication/221595114_Soporte_de_Metricas_con_Independencia_del_Lenguaje_para_la_Inferencia_de_Refactorizaciones/links/09e4150b5f06425e32000000/Soporte-de-Metricas-con-Independencia-del-Lenguaje-para-la-Inferencia-de-Refactorizaciones.pdf},
	note = {\url{https://www.researchgate.net/profile/Yania_Crespo/publication/221595114_Soporte_de_Metricas_con_Independencia_del_Lenguaje_para_la_Inferencia_de_Refactorizaciones/links/09e4150b5f06425e32000000/Soporte-de-Metricas-con-Independencia-del-Lenguaje-para-la-Inferencia-de-Refactorizaciones.pdf}},
	author = {Marticorena Sanchez, Raúl and Crespo, Yania and López Nozal, Carlos},
	date = {2005-01},
	note = {[Online; Accedido 03-Octubre-2018]}
}

@book{gamma_patrones_2002,
	location = {Madrid},
	edition = {1 ed. en es},
	title = {Patrones De Diseño: Elementos De Software Orientado a Objetos Reutilizable},
	isbn = {84-7829-059-1},
	publisher = {Addison-Wesley},
	author = {Gamma, E. and Helm, R. and Johnson, R. and Vlissides, J.},
	date = {2002},
	keywords = {Programas y sistemas de programaciâon-, rrollo⬚04 Programaciâon orientada al objeto (In}
}

@thesis{ratzinger_space:_2007,
	title = {{sPACE}: Software Project Assessment in the Course of Evolution},
	url = {http://www.inf.usi.ch/jazayeri/docs/Thesis_Jacek_Ratzinger.pdf},
	note = {\url{http://www.inf.usi.ch/jazayeri/docs/Thesis_Jacek_Ratzinger.pdf}},
	institution = {Universidad Técnica de Viena},
	type = {phdthesis},
	author = {Ratzinger, Jacek},
	date = {2007-10},
	keywords = {metrics, refactoring},
	note = {[Online; Accedido 03-Octubre-2018]}
}

@book{scrum_master_scrum_2019,
	edition = {v. 2.61},
	title = {Scrum Manager: Temario Troncal I},
	rights = {Derechos regitrados en Safe Creative nº de registro: 1607208414838},
	url = {https://www.scrummanager.net/files/scrum_manager.pdf},
	note = {\url{https://www.scrummanager.net/files/scrum_manager.pdf}},
	author = {Scrum Master},
	date = {2019-01},
	langid = {spanish},
	note = {[Online; Accedido 19-Noviembre-2018]},
	file = {Scrum Manager Temario.pdf:C\:\\Users\\migue\\Zotero\\storage\\DMFGLD23\\Scrum Manager Temario.pdf:application/pdf}
}

@book{sommerville_ingenierisoftware_2002,
	location = {México},
	edition = {6ª},
	title = {Ingeniería del software},
	isbn = {970-26-0206-8},
	pagetotal = {692},
	publisher = {Pearson Education},
	author = {Sommerville, Ian},
	translator = {Domínguez Torres, José Alejandro},
	date = {2002}
}

@book{jacobson_proceso_2000,
	location = {Madrid},
	title = {El proceso unificado de desarrollo de software},
	isbn = {978-84-7829-036-9},
	abstract = {Este libro, que es un punto de referencia obligada, proporciona una amplia revisión sobre el proceso unificado de desarrollo de software, poniendo especial énfasis en le modelado práctico con {UML}.},
	pagetotal = {438},
	publisher = {Addison Wesley},
	author = {Jacobson, Ivar and Booch, Grady and Rumbaugh, James},
	date = {2000},
	keywords = {Desarrollo, Software, {UML}}
}

@online{gitlab_gitlab_nodate,
	title = {{GitLab} Continuous Integration ({CI}) \& Continuous Delivery ({CD})},
	url = {https://about.gitlab.com/product/continuous-integration/},
	note = {\url{https://about.gitlab.com/product/continuous-integration/}},
	abstract = {Learn about {GitLab}'s integrated {CI}/{CD} pipelines that help to build, test, deploy, and monitor your code.},
	titleaddon = {{GitLab}},
	author = {{GitLab}},
	urldate = {2019-08-30},
	langid = {english},
	note = {[Online; Accedido 30-Agosto-2019]},
	file = {Snapshot:C\:\\Users\\migue\\Zotero\\storage\\CEMYPVXU\\continuous-integration.html:text/html}
}

@online{lasso_que_2013,
	title = {Qué es Markdown, para qué sirve y cómo usarlo},
	url = {https://www.genbeta.com/guia-de-inicio/que-es-markdown-para-que-sirve-y-como-usarlo},
	note = {\url{https://www.genbeta.com/guia-de-inicio/que-es-markdown-para-que-sirve-y-como-usarlo}},
	abstract = {Descripción de cómo es lenguaje de marcado de texto Markdown, cómo se utiliza y recomendaciones de herramientas tanto para uso online como en local y en móvil},
	titleaddon = {Genbeta},
	author = {Lasso, Iván},
	urldate = {2019-08-30},
	date = {2013-09-18},
	langid = {spanish},
	note = {[Online; Accedido 30-Agosto-2019]},
	file = {Snapshot:C\:\\Users\\migue\\Zotero\\storage\\R9BXYZ3G\\que-es-markdown-para-que-sirve-y-como-usarlo.html:text/html}
}

@online{apache_apache_nodate,
	title = {Apache Log4j™ 2: Manual - Configuration},
	rights = {Copyright © 1999-2019 The Apache Software Foundation. All Rights Reserved.  Apache Logging, Apache Log4j, Log4j, Apache, the Apache feather logo, and the Apache Logging project logo are trademarks of The Apache Software Foundation.  Site powered by Twitter Bootstrap. Icons from Glyphicons Free.},
	url = {https://logging.apache.org/log4j/2.x/manual/configuration.html},
	note = {\url{https://logging.apache.org/log4j/2.x/manual/configuration.html}},
	titleaddon = {Apache logging services},
	author = {Apache},
	urldate = {2019-09-03},
	note = {[Online; Accedido 10-Septiembre-2019]}
}

@online{del_hoyo_java_2019,
	title = {De Java 8 a Java 11, ¿aún no te has migrado?},
	rights = {Esta obra está licenciada bajo licencia Creative Commons de Reconocimiento-No comercial-Sin obras derivadas 2.5},
	url = {https://www.adictosaltrabajo.com/2019/02/26/de-java-8-a-java-11-aun-no-te-has-migrado/},
	note = {\url{https://www.adictosaltrabajo.com/2019/02/26/de-java-8-a-java-11-aun-no-te-has-migrado/}},
	abstract = {Migración a Java 11 de Java 8, ¿cúales son las nuevas funcionalidades yl a nueva filosofía?, ¿debo pasar por todas las versiones?, ¿{OracleJDK} u {OpenJDK}?},
	titleaddon = {Adictos al trabajo},
	author = {Del Hoyo, Carlos},
	urldate = {2019-09-05},
	date = {2019-02-26},
	note = {[Online; Accedido 03-Septiembre-2019]},
	file = {Snapshot:C\:\\Users\\migue\\Zotero\\storage\\BWJUKK5U\\de-java-8-a-java-11-aun-no-te-has-migrado.html:text/html}
}

@online{oracle_jdk_nodate,
	title = {{JDK} 11 Release Notes},
	url = {https://www.oracle.com/technetwork/java/javase/11-relnote-issues-5012449.html},
	note = {\url{https://www.oracle.com/technetwork/java/javase/11-relnote-issues-5012449.html}},
	titleaddon = {Oracle},
	author = {Oracle},
	urldate = {2019-09-09},
	file = {JDK 11 Release Notes, Important Changes, and Information:C\:\\Users\\migue\\Zotero\\storage\\L6FX8DJH\\11-relnote-issues-5012449.html:text/html}
}

@article{guemes-pena_emerging_2018,
	title = {Emerging topics in mining software repositories: Machine learning in software repositories and datasets},
	volume = {7},
	url = {https://www.researchgate.net/publication/324073224_Emerging_topics_in_mining_software_repositories_Machine_learning_in_software_repositories_and_datasets},
	note = {\url{https://www.researchgate.net/publication/324073224_Emerging_topics_in_mining_software_repositories_Machine_learning_in_software_repositories_and_datasets}},
	journaltitle = {Progress in Artificial Intelligence},
	author = {Güemes-Peña, Diego and Nozal, Carlos and Sánchez, Raúl and Maudes, Jesús},
	urldate = {2019-09-13},
	date = {2018-03},
	keywords = {Repositories, Software},
	note = {[Online; Accedido 29-Julio-2019]}
}


@inproceedings{TFGPrevio,
	title = {Evolution Metrics Gauge - Comparador de métricas de evolución en repositorios software},
	note = {\url{https://gitlab.com/mlb0029/comparador-de-metricas-de-evolucion-en-repositorios-software}},
	titleaddon = {{GitLab}},
	author = {Miguel Ángel León Bardavío},
	date = {2019-09-16}
}



% TODO PRUEBAS
@misc{ wiki:latex,
       author = "Wikipedia",
       title = "LaTeX --- Wikipedia{,} La enciclopedia libre",
       year = "2015",
       url = "https://es.wikipedia.org/w/index.php?title=LaTeX&oldid=84209252",
}


@article{bortolot2005,
  title={Estimating forest biomass using small footprint LiDAR data: An individual tree-based approach that incorporates training data},
  author={Bortolot, Zachary J and Wynne, Randolph H},
  journal={ISPRS Journal of Photogrammetry and Remote Sensing},
  volume={59},
  number={6},
  pages={342--360},
  year={2005},
  publisher={Elsevier}
}

@article{lehman1997metrics,
  title={Metrics and laws of software evolution-the nineties view},
  author={Lehman, Meir M and Ramil, Juan F and Wernick, Paul D and Perry, Dewayne E and Turski, Wladyslaw M},
  booktitle={Proceedings Fourth International Software Metrics Symposium},
  pages={20--32},
  year={1997},
  organization={IEEE}
}
